@article{Ewert1990,
  title = {Resource Allocation: Inequities in Wildland Recreation},
  author = {Alan Ewert and Steve Hollenhorst},
  publisher = {Journal of Physical Education, Recreation & Dance},
  year = {1990},
  volume = {61},
  number = {8},
  pages = {32 -- 36},
  doi = {https://doi.org/10.1080/07303084.1990.10604598}
}

@article{Flores2018,
  title = {Recreation Equity: Is the Forest Service Serving Its Diverse Publics?},
  author = {David Flores and Gennaro Falco and Nina S. Roberts and Francisco P. Valenzuela, III},
  publisher = {Journal of Forestry},
  year = {2018},
  volume = {116},
  number = {3},
  pages = {266 -- 272},
  doi = {https://doi.org/10.1093/jofore/fvx016}
}

@article{Floyd2002,
  title = {Coming to Terms with Environmental Justice in Outdoor Recreation: A Conceptual Discussion with Research Implications},
  author = {Myron Floyd and Cassandra Y. Johnson},
  publisher = {Leisure Sciences},
  year = {2002},
  volume = {24},
  number = {1},
  pages = {59 -- 77},
  doi = {https://doi.org/10.1080/01490400252772836}
}

@article{Shelby1989,
  title = {Idealism versus pragmatism in user evaluations of allocation systems},
  author = {Bo Shelby and Doug Whittaker and Mark Danley},
  publisher = {Leisure Sciences},
  year = {1989},
  volume = {11},
  number = {1},
  pages = {61 -- 70},
  doi = {https://doi.org/10.1080/01490408909512205}
}

@article{Xiao2021,
  title = {Who visits U.S. national parks (and who doesn’t)? A national study of perceived constraints and vacation preferences across diverse populations},
  author = {Xiao Xiao and KangJae Jerry Lee and Lincoln R. Larson},
  publisher = {Journal of Leisure Research},
  year = {2021},
  volume = {53},
  number = {3},
  pages = {404 -- 425},
  doi = {https://doi.org/10.1080/00222216.2021.1899776}
}

@article{Shartaj2020,
  title = {Exploring the Local Determinants of Campground Utilization on National Forest Land},
  author = {Mostafa Shartaj and Jordan F. Suter},
  publisher = {Western Economics Forum},
  year = {2020},
  volume = {18},
  number = {2},
  pages = {114 -- 128},
  doi = {https://doi.org/10.22004/ag.econ.308121}
}

@article{Meinecke1937,
  title = {Recreation planning: A discussion.},
  author = {E.P. Meinecke},
  publisher = {Journal of Forestry},
  year = {1937},
  volume = {35},
  number = {12},
  pages = {1120 -- 1128},
  doi = {https://doi.org/10.1093/jof/35.12.1120}
}

@book{Sax1980,
  title = {Mountains Without Handrails: Reflections on the National Parks},
  author = {Joseph L. Sax},
  address = {Ann Arbor, MI},
  year = {1980},
  publisher = {University of Michigan Press}
}

@book{Hammitt2015,
  title = {Wildland Recreation: Ecology and Management},
  author = {William E. Hammitt and David N. Cole and Christopher A. Monz},
  address = {Oxford, UK},
  year = {2015},
  publisher = {John Wiley and Sons}
}

@article{Timmons2019,
  title = {Too much of a good thing: Overcrowding at America’s national parks},
  author = {Abby L. Timmons},
  publisher = {Notre Dame Law Review},
  year = {2019},
  volume = {94},
  number = {2},
  pages = {985 -- 1017}
}

@article{Scott2018,
  title = {People of Color and Their Constraints to National Parks Visitation},
  author = {David Scott and KangJae Jerry Lee},
  publisher = {The George Wright Forum},
  year = {2018},
  volume = {35},
  number = {1},
  pages = {73 -- 82}
}

@article{Bergstrom2020,
  title = {What Does the Future Hold for U.S. National Park Visitation? 
  Estimation and Assessment of Demand Determinants and New Projections},
  author = {John C. Bergstrom and Matthew Stowers and Scott J. Shonkwiler},
  publisher = {Journal of Agricultural and Resource Economics},
  year = {2020},
  volume = {45},
  number = {1},
  pages = {38 -- 55},
  doi = {https://doi.org/10.22004/AG.ECON.298433}
}

@article{Rice2019,
  title = {Forecasting campground demand in US national parks},
  author = {William L. Rice and So Young Park and Bing Pan and Peter Newman},
  publisher = {Annals of Tourism Research},
  year = {2019},
  volume = {75},
  pages = {424 -- 438},
  doi = {https://doi.org/10.1016/j.annals.2019.01.013}
}

@article{Rice2021,
  title = {Big data spatial analysis of campers’ landscape preferences: Examining demand for amenities},
  author = {William L. Rice and So Young Park},
  publisher = {Journal of Environmental Management},
  year = {2021},
  volume = {292},
  number = {15},
  doi = {https://doi.org/10.1016/j.jenvman.2021.112773}
}

@techreport{Walls2018,
title = {Nature-Based Recreation: Understanding Campsite Reservations in National Parks},
author = {Margaret Walls and Casey Wichman and Kevin Ankney},
institution = {Resources for the Future},
year = {2018}
}


