@Manual{R-base,
  title = {R: A Language and Environment for Statistical Computing},
  author = {{R Core Team}},
  organization = {R Foundation for Statistical Computing},
  address = {Vienna, Austria},
  year = {2021},
  url = {https://www.R-project.org/},
}

@Manual{R-bookdown,
  title = {bookdown: Authoring Books and Technical Documents with R Markdown},
  author = {Yihui Xie},
  year = {2021},
  note = {R package version 0.23},
  url = {https://CRAN.R-project.org/package=bookdown},
}

@Manual{R-bslib,
  title = {bslib: Custom Bootstrap 'Sass' Themes for shiny and rmarkdown},
  author = {Carson Sievert and Joe Cheng},
  year = {2022},
  note = {https://rstudio.github.io/bslib/, https://github.com/rstudio/bslib},
}

@Manual{R-collections,
  title = {collections: High Performance Container Data Types},
  author = {Randy Lai},
  year = {2020},
  note = {R package version 0.3.5},
  url = {https://github.com/randy3k/collections},
}

@Manual{R-dplyr,
  title = {dplyr: A Grammar of Data Manipulation},
  author = {Hadley Wickham and Romain François and Lionel Henry and Kirill Müller},
  year = {2021},
  note = {R package version 1.0.7},
  url = {https://CRAN.R-project.org/package=dplyr},
}

@Manual{R-DT,
  title = {DT: A Wrapper of the JavaScript Library DataTables},
  author = {Yihui Xie and Joe Cheng and Xianying Tan},
  year = {2021},
  note = {R package version 0.18},
  url = {https://github.com/rstudio/DT},
}

@Manual{R-forcats,
  title = {forcats: Tools for Working with Categorical Variables (Factors)},
  author = {Hadley Wickham},
  year = {2021},
  note = {R package version 0.5.1},
  url = {https://CRAN.R-project.org/package=forcats},
}

@Manual{R-ggplot2,
  title = {ggplot2: Create Elegant Data Visualisations Using the Grammar of Graphics},
  author = {Hadley Wickham and Winston Chang and Lionel Henry and Thomas Lin Pedersen and Kohske Takahashi and Claus Wilke and Kara Woo and Hiroaki Yutani and Dewey Dunnington},
  year = {2022},
  note = {R package version 3.3.6},
  url = {https://CRAN.R-project.org/package=ggplot2},
}

@Manual{R-googlesheets4,
  title = {googlesheets4: Access Google Sheets using the Sheets API V4},
  author = {Jennifer Bryan},
  year = {2021},
  note = {R package version 1.0.0},
  url = {https://CRAN.R-project.org/package=googlesheets4},
}

@Manual{R-here,
  title = {here: A Simpler Way to Find Your Files},
  author = {Kirill Müller},
  year = {2020},
  note = {R package version 1.0.1},
  url = {https://CRAN.R-project.org/package=here},
}

@Manual{R-janitor,
  title = {janitor: Simple Tools for Examining and Cleaning Dirty Data},
  author = {Sam Firke},
  year = {2021},
  note = {R package version 2.1.0},
  url = {https://github.com/sfirke/janitor},
}

@Manual{R-knitr,
  title = {knitr: A General-Purpose Package for Dynamic Report Generation in R},
  author = {Yihui Xie},
  year = {2021},
  note = {R package version 1.33},
  url = {https://yihui.org/knitr/},
}

@Manual{R-lubridate,
  title = {lubridate: Make Dealing with Dates a Little Easier},
  author = {Vitalie Spinu and Garrett Grolemund and Hadley Wickham},
  year = {2021},
  note = {R package version 1.7.10},
  url = {https://CRAN.R-project.org/package=lubridate},
}

@Manual{R-plotly,
  title = {plotly: Create Interactive Web Graphics via plotly.js},
  author = {Carson Sievert and Chris Parmer and Toby Hocking and Scott Chamberlain and Karthik Ram and Marianne Corvellec and Pedro Despouy},
  year = {2021},
  note = {R package version 4.10.0},
  url = {https://CRAN.R-project.org/package=plotly},
}

@Manual{R-purrr,
  title = {purrr: Functional Programming Tools},
  author = {Lionel Henry and Hadley Wickham},
  year = {2020},
  note = {R package version 0.3.4},
  url = {https://CRAN.R-project.org/package=purrr},
}

@Manual{R-reactlog,
  title = {reactlog: Reactivity Visualizer for shiny},
  author = {Barret Schloerke},
  year = {2020},
  note = {R package version 1.1.0},
  url = {https://CRAN.R-project.org/package=reactlog},
}

@Manual{R-readr,
  title = {readr: Read Rectangular Text Data},
  author = {Hadley Wickham and Jim Hester},
  year = {2021},
  note = {R package version 2.0.1},
  url = {https://CRAN.R-project.org/package=readr},
}

@Manual{R-rmapshaper,
  title = {rmapshaper: Client for mapshaper for Geospatial Operations},
  author = {Andy Teucher and Kenton Russell},
  year = {2021},
  note = {R package version 0.4.5},
  url = {https://github.com/ateucher/rmapshaper},
}

@Manual{R-rmarkdown,
  title = {rmarkdown: Dynamic Documents for R},
  author = {JJ Allaire and Yihui Xie and Jonathan McPherson and Javier Luraschi and Kevin Ushey and Aron Atkins and Hadley Wickham and Joe Cheng and Winston Chang and Richard Iannone},
  year = {2021},
  note = {https://github.com/rstudio/rmarkdown,
https://pkgs.rstudio.com/rmarkdown/},
}

@Manual{R-rsconnect,
  title = {rsconnect: Deployment Interface for R Markdown Documents and Shiny
Applications},
  author = {Aron Atkins and Jonathan McPherson and JJ Allaire},
  year = {2021},
  note = {R package version 0.8.25},
  url = {https://github.com/rstudio/rsconnect},
}

@Manual{R-scales,
  title = {scales: Scale Functions for Visualization},
  author = {Hadley Wickham and Dana Seidel},
  year = {2022},
  note = {R package version 1.2.0},
  url = {https://CRAN.R-project.org/package=scales},
}

@Manual{R-sf,
  title = {sf: Simple Features for R},
  author = {Edzer Pebesma},
  year = {2022},
  note = {R package version 1.0-7},
  url = {https://CRAN.R-project.org/package=sf},
}

@Manual{R-shiny,
  title = {shiny: Web Application Framework for R},
  author = {Winston Chang and Joe Cheng and JJ Allaire and Carson Sievert and Barret Schloerke and Yihui Xie and Jeff Allen and Jonathan McPherson and Alan Dipert and Barbara Borges},
  year = {2021},
  note = {R package version 1.7.1},
  url = {https://shiny.rstudio.com/},
}

@Manual{R-shinycssloaders,
  title = {shinycssloaders: Add Loading Animations to a shiny Output While It's
Recalculating},
  author = {Andras Sali and Dean Attali},
  year = {2020},
  note = {R package version 1.0.0},
  url = {https://github.com/daattali/shinycssloaders},
}

@Manual{R-shinydashboard,
  title = {shinydashboard: Create Dashboards with Shiny},
  author = {Winston Chang and Barbara {Borges Ribeiro}},
  year = {2021},
  note = {R package version 0.7.2},
  url = {http://rstudio.github.io/shinydashboard/},
}

@Manual{R-shinydashboardPlus,
  title = {shinydashboardPlus: Add More AdminLTE2 Components to shinydashboard},
  author = {David Granjon},
  year = {2021},
  note = {R package version 2.0.3},
  url = {https://CRAN.R-project.org/package=shinydashboardPlus},
}

@Manual{R-shinyjs,
  title = {shinyjs: Easily Improve the User Experience of Your Shiny Apps in Seconds},
  author = {Dean Attali},
  year = {2020},
  note = {R package version 2.0.0},
  url = {https://deanattali.com/shinyjs/},
}

@Manual{R-shinyWidgets,
  title = {shinyWidgets: Custom Inputs Widgets for Shiny},
  author = {Victor Perrier and Fanny Meyer and David Granjon},
  year = {2022},
  note = {R package version 0.6.4},
  url = {https://CRAN.R-project.org/package=shinyWidgets},
}

@Manual{R-stringr,
  title = {stringr: Simple, Consistent Wrappers for Common String Operations},
  author = {Hadley Wickham},
  year = {2019},
  note = {R package version 1.4.0},
  url = {https://CRAN.R-project.org/package=stringr},
}

@Manual{R-tibble,
  title = {tibble: Simple Data Frames},
  author = {Kirill Müller and Hadley Wickham},
  year = {2022},
  note = {R package version 3.1.7},
  url = {https://CRAN.R-project.org/package=tibble},
}

@Manual{R-tidycensus,
  title = {tidycensus: Load US Census Boundary and Attribute Data as tidyverse and
sf-Ready Data Frames},
  author = {Kyle Walker and Matt Herman},
  year = {2021},
  note = {R package version 1.1},
  url = {https://walker-data.com/tidycensus/},
}

@Manual{R-tidyr,
  title = {tidyr: Tidy Messy Data},
  author = {Hadley Wickham},
  year = {2021},
  note = {R package version 1.1.3},
  url = {https://CRAN.R-project.org/package=tidyr},
}

@Manual{R-tidyverse,
  title = {tidyverse: Easily Install and Load the Tidyverse},
  author = {Hadley Wickham},
  year = {2021},
  note = {R package version 1.3.1},
  url = {https://CRAN.R-project.org/package=tidyverse},
}

@Manual{R-tigris,
  title = {tigris: Load Census TIGER/Line Shapefiles},
  author = {Kyle Walker},
  year = {2022},
  note = {R package version 1.5.1},
  url = {https://github.com/walkerke/tigris},
}

@Manual{R-tmap,
  title = {tmap: Thematic Maps},
  author = {Martijn Tennekes},
  year = {2022},
  note = {R package version 3.3-3},
  url = {https://github.com/r-tmap/tmap},
}

@Manual{R-vroom,
  title = {vroom: Read and Write Rectangular Text Data Quickly},
  author = {Jim Hester and Hadley Wickham and Jennifer Bryan},
  year = {2021},
  note = {R package version 1.5.7},
  url = {https://CRAN.R-project.org/package=vroom},
}

@Manual{R-zipcodeR,
  title = {zipcodeR: Data \& Functions for Working with US ZIP Codes},
  author = {Gavin Rozzi},
  year = {2021},
  note = {R package version 0.3.3},
  url = {https://CRAN.R-project.org/package=zipcodeR},
}

@Book{bookdown2016,
  title = {bookdown: Authoring Books and Technical Documents with {R} Markdown},
  author = {Yihui Xie},
  publisher = {Chapman and Hall/CRC},
  address = {Boca Raton, Florida},
  year = {2016},
  note = {ISBN 978-1138700109},
  url = {https://bookdown.org/yihui/bookdown},
}

@Book{ggplot22016,
  author = {Hadley Wickham},
  title = {ggplot2: Elegant Graphics for Data Analysis},
  publisher = {Springer-Verlag New York},
  year = {2016},
  isbn = {978-3-319-24277-4},
  url = {https://ggplot2.tidyverse.org},
}

@Book{knitr2015,
  title = {Dynamic Documents with {R} and knitr},
  author = {Yihui Xie},
  publisher = {Chapman and Hall/CRC},
  address = {Boca Raton, Florida},
  year = {2015},
  edition = {2nd},
  note = {ISBN 978-1498716963},
  url = {https://yihui.org/knitr/},
}

@InCollection{knitr2014,
  booktitle = {Implementing Reproducible Computational Research},
  editor = {Victoria Stodden and Friedrich Leisch and Roger D. Peng},
  title = {knitr: A Comprehensive Tool for Reproducible Research in {R}},
  author = {Yihui Xie},
  publisher = {Chapman and Hall/CRC},
  year = {2014},
  note = {ISBN 978-1466561595},
  url = {http://www.crcpress.com/product/isbn/9781466561595},
}

@Article{lubridate2011,
  title = {Dates and Times Made Easy with {lubridate}},
  author = {Garrett Grolemund and Hadley Wickham},
  journal = {Journal of Statistical Software},
  year = {2011},
  volume = {40},
  number = {3},
  pages = {1--25},
  url = {https://www.jstatsoft.org/v40/i03/},
}

@Book{plotly2020,
  author = {Carson Sievert},
  title = {Interactive Web-Based Data Visualization with R, plotly, and shiny},
  publisher = {Chapman and Hall/CRC},
  year = {2020},
  isbn = {9781138331457},
  url = {https://plotly-r.com},
}

@Book{rmarkdown2018,
  title = {R Markdown: The Definitive Guide},
  author = {Yihui Xie and J.J. Allaire and Garrett Grolemund},
  publisher = {Chapman and Hall/CRC},
  address = {Boca Raton, Florida},
  year = {2018},
  note = {ISBN 9781138359338},
  url = {https://bookdown.org/yihui/rmarkdown},
}

@Book{rmarkdown2020,
  title = {R Markdown Cookbook},
  author = {Yihui Xie and Christophe Dervieux and Emily Riederer},
  publisher = {Chapman and Hall/CRC},
  address = {Boca Raton, Florida},
  year = {2020},
  note = {ISBN 9780367563837},
  url = {https://bookdown.org/yihui/rmarkdown-cookbook},
}

@Article{sf2018,
  author = {Edzer Pebesma},
  title = {{Simple Features for R: Standardized Support for Spatial Vector Data}},
  year = {2018},
  journal = {{The R Journal}},
  doi = {10.32614/RJ-2018-009},
  url = {https://doi.org/10.32614/RJ-2018-009},
  pages = {439--446},
  volume = {10},
  number = {1},
}

@Article{tidyverse2019,
  title = {Welcome to the {tidyverse}},
  author = {Hadley Wickham and Mara Averick and Jennifer Bryan and Winston Chang and Lucy D'Agostino McGowan and Romain François and Garrett Grolemund and Alex Hayes and Lionel Henry and Jim Hester and Max Kuhn and Thomas Lin Pedersen and Evan Miller and Stephan Milton Bache and Kirill Müller and Jeroen Ooms and David Robinson and Dana Paige Seidel and Vitalie Spinu and Kohske Takahashi and Davis Vaughan and Claus Wilke and Kara Woo and Hiroaki Yutani},
  year = {2019},
  journal = {Journal of Open Source Software},
  volume = {4},
  number = {43},
  pages = {1686},
  doi = {10.21105/joss.01686},
}

@Article{tmap2018,
  title = {{tmap}: Thematic Maps in {R}},
  author = {Martijn Tennekes},
  journal = {Journal of Statistical Software},
  year = {2018},
  volume = {84},
  number = {6},
  pages = {1--39},
  doi = {10.18637/jss.v084.i06},
}

@Article{zipcodeR2021,
  author = {Gavin C. Rozzi},
  title = {zipcodeR: Advancing the analysis of spatial data at the ZIP code level in R},
  journal = {Software Impacts},
  issn = {2665-9638},
  volume = {9},
  pages = {100099},
  year = {2021},
  doi = {10.1016/j.simpa.2021.100099},
  url = {https://www.sciencedirect.com/science/article/pii/S2665963821000373/},
}

